<record><leader>00000cas a22000007a 4500</leader><controlfield tag="001">9788122</controlfield><controlfield tag="008">830808d18571927txuwr ne      0   a0eng d</controlfield><datafield ind1=" " ind2=" " tag="010"><subfield code="a">sn 83025749 </subfield></datafield><datafield ind1=" " ind2=" " tag="040"><subfield code="a">NPV</subfield><subfield code="b">eng</subfield><subfield code="c">NPV</subfield><subfield code="d">NPX</subfield><subfield code="d">NPV</subfield><subfield code="d">PPM</subfield><subfield code="d">NSD</subfield><subfield code="d">PPM</subfield><subfield code="d">OCLCQ</subfield></datafield><datafield ind1=" " ind2=" " tag="042"><subfield code="a">msc</subfield></datafield><datafield ind1=" " ind2=" " tag="043"><subfield code="a">n-us-tx</subfield></datafield><datafield ind1=" " ind2=" " tag="045"><subfield code="a">w5x2</subfield></datafield><datafield ind1=" " ind2=" " tag="052"><subfield code="a">4033</subfield><subfield code="b">C58</subfield></datafield><datafield ind1="0" ind2="4" tag="245"><subfield code="a">The Colorado citizen.</subfield></datafield><datafield ind1=" " ind2=" " tag="260"><subfield code="a">Columbus, Tex :</subfield><subfield code="b">J.D. Baker &amp; Bros.</subfield></datafield><datafield ind1=" " ind2=" " tag="300"><subfield code="a">v. :</subfield><subfield code="b">ill. (chiefly advertisements) ;</subfield><subfield code="c">56-71 cm.</subfield></datafield><datafield ind1=" " ind2=" " tag="310"><subfield code="a">Weekly</subfield></datafield><datafield ind1="1" ind2=" " tag="362"><subfield code="a">Began in 1857; ceased in 1927.</subfield><subfield code="z">Cf. Gregory, W. Amer. newspapers.</subfield></datafield><datafield ind1=" " ind2=" " tag="500"><subfield code="a">Editor: &lt;Jan. 30, 1858&gt; J.D. Baker.</subfield></datafield><datafield ind1=" " ind2=" " tag="530"><subfield code="a">Available on microfilm from the Center for American History, University of Texas at Austin.</subfield></datafield><datafield ind1=" " ind2=" " tag="588"><subfield code="a">Description based on: Vol. 1, no. 27 (Jan. 30, 1858).</subfield></datafield><datafield ind1="1" ind2=" " tag="700"><subfield code="a">Baker, J. D.</subfield></datafield><datafield ind1=" " ind2=" " tag="752"><subfield code="a">United States</subfield><subfield code="b">Texas</subfield><subfield code="c">Colorado</subfield><subfield code="d">Columbus.</subfield></datafield><datafield ind1="0" ind2="0" tag="785"><subfield code="t">Colorado County citizen</subfield><subfield code="x">1065-7479</subfield><subfield code="w">(DLC)sn 86088605</subfield></datafield><datafield ind1="1" ind2=" " tag="029"><subfield code="a">AU@</subfield><subfield code="b">000025817121</subfield></datafield></record>